@misc{gnupgPrivacyGuard,
	author = {GnuPG Project},
	title = {{T}he {G}{N}{U} {P}rivacy {G}uard},
	howpublished = {\url{https://gnupg.org}},
	year = {2024},
}
@misc{archlinuxGnuPGArchWiki,
	author = {Arch Linux Team},
	title = {{G}nu{P}{G} - {A}rch{W}ick},
	howpublished = {\url{https://wiki.archlinux.org/title/GnuPG}},
	year = {2024},
}
@book{lucas2006pgp,
  title={PGP \& GPG: Email for the practical paranoid},
  author={Lucas, Michael},
  year={2006},
  publisher={No Starch Press}
}
